@inproceedings{fisler2021evolving,
  title={Evolving a K-12 curriculum for integrating computer science into mathematics},
  author={Fisler, Kathi and Schanzer, Emmanuel and Weimar, Steve and Fetter, Annie and Renninger, K Ann and Krishnamurthi, Shriram and Politz, Joe Gibbs and Lerner, Benjamin and Poole, Jennifer and Koerner, Christine},
  booktitle={Proceedings of the 52nd ACM Technical Symposium on Computer Science Education},
  pages={59--65},
  year={2021}
}

@manual{indicazioniNazionali,
  title        = {Schema di regolamento recante 'Indicazioni nazionali riguardanti gli obiettivi specifici di apprendimento concernenti le attivit\`a e gli insegnamenti compresi nei piani degli studi previsti per i percorsi liceali di cui all'articolo 10, comma 3, del decreto del Presidente della Repubblica 15 marzo 2010, n. 89, in relazione all'articolo 2, commi 1 e 3, del medesimo regolamento.' },
  author       = {},
  organization = {Ministero dell'Istruzione, dell'Universit\`a e della Ricerca},
  month        = "7 ottobre",
  year         = "2010",
  note         = "Allegato F"
}

@misc{felleisen2001design,
  title={How to design programs},
  author={Felleisen, Matthias and Findler, Robert Bruce and Flatt, Matthew and Krishnamurthi, Shriram},
  year={2001},
  publisher={MIT Press Cambridge}
}

@book{abelson1996structure,
  title={Structure and interpretation of computer programs},
  author={Abelson, Harold and Sussman, Gerald Jay},
  year={1996},
  publisher={The MIT Press}
}

@book{abelson2022structure,
  title={Structure and Interpretation of Computer Programs: JavaScript Edition},
  author={Abelson, Harold and Sussman, Gerald Jay},
  year={2022},
  publisher={MIT Press}
}

@book{friedman1995little,
  title={The Little Schemer},
  author={Friedman, Daniel P and Felleisen, Matthias},
  year={1995},
  publisher={MIT Press}
}

@misc{cs4all,
  author       = {AA.VV.},
  howpublished = {\url{https://www.csforall.org/}},
  title        = {CSforALL},
  year         = {2023}
}
